\bibliographystyle{./IEEEtran}
\bibliography{./IEEEabrv,./IEEEexample}

@inproceedings{roemer2014tensor,
  title={Tensor-based algorithms for learning multidimensional separable dictionaries},
  author={Roemer, Florian and Del Galdo, Giovanni and Haardt, Martin},
  booktitle={Acoustics, Speech and Signal Processing (ICASSP), 2014 IEEE International Conference on},
  pages={3963--3967},
  year={2014},
  organization={IEEE}
}

@inproceedings{de2014distributed,
  title={Distributed large-scale tensor decomposition},
  author={De Almeida, Andr{\'e} LF and Kibangou, Alain Y},
  booktitle={Acoustics, Speech and Signal Processing (ICASSP), 2014 IEEE International Conference on},
  pages={26--30},
  year={2014},
  organization={IEEE}
}

@inproceedings{zhu2016coupled,
  title={Coupled Dictionary Learning for Unsupervised Feature Selection.},
  author={Zhu, Pengfei and Hu, Qinghua and Zhang, Changqing and Zuo, Wangmeng},
  booktitle={AAAI},
  pages={2422--2428},
  year={2016}
}

@article{ravishankar2011mr,
  title={MR image reconstruction from highly undersampled k-space data by dictionary learning},
  author={Ravishankar, Saiprasad and Bresler, Yoram},
  journal={IEEE transactions on medical imaging},
  volume={30},
  number={5},
  pages={1028--1041},
  year={2011},
  publisher={IEEE}
}

@inproceedings{zhang2010discriminative,
  title={Discriminative K-SVD for dictionary learning in face recognition},
  author={Zhang, Qiang and Li, Baoxin},
  booktitle={Computer Vision and Pattern Recognition (CVPR), 2010 IEEE Conference on},
  pages={2691--2698},
  year={2010},
  organization={IEEE}
}

@article{tosic2011dictionary,
  title={Dictionary learning},
  author={Tosic, Ivana and Frossard, Pascal},
  journal={IEEE Signal Processing Magazine},
  volume={28},
  number={2},
  pages={27--38},
  year={2011},
  publisher={IEEE}
}

@article{kolda2009tensor,
  title={Tensor decompositions and applications},
  author={Kolda, Tamara G and Bader, Brett W},
  journal={SIAM review},
  volume={51},
  number={3},
  pages={455--500},
  year={2009},
  publisher={SIAM}
}

@article{skretting2010recursive,
  title={Recursive least squares dictionary learning algorithm},
  author={Skretting, Karl and Engan, Kjersti},
  journal={IEEE Transactions on Signal Processing},
  volume={58},
  number={4},
  pages={2121--2130},
  year={2010},
  publisher={IEEE}
}
