@inproceedings{lakhina2005mining,
  title={Mining anomalies using traffic feature distributions},
  author={Lakhina, Anukool and Crovella, Mark and Diot, Christophe},
  booktitle={ACM SIGCOMM Computer Communication Review},
  volume={35},
  number={4},
  pages={217--228},
  year={2005},
  organization={ACM}
}

@inproceedings{callegari2011novel,
  title={A novel PCA-based network anomaly detection},
  author={Callegari, Christian and Gazzarrini, Loris and Giordano, Stefano and Pagano, Michele and Pepe, Teresa},
  booktitle={2011 IEEE International Conference on Communications (ICC)},
  pages={1--5},
  year={2011},
  organization={IEEE}
}

@ARTICLE{Lee2013, 
  author={Lee, Yuh-Jye and Yeh, Yi-Ren and Wang, Yu-Chiang Frank}, 
  journal={Knowledge and Data Engineering, IEEE Transactions on}, 
  title={Anomaly Detection via Online Oversampling Principal Component Analysis}, 
  year={2013}, 
  month={July}, 
  volume={25}, 
  number={7}, 
  pages={1460-1470}, 
  keywords={Algorithm design and analysis;Covariance matrix;Data mining;Data models;Eigenvalues and eigenfunctions;Memory management;Principal component analysis;Anomaly detection;least squares;online updating;oversampling;principal component analysis}, 
  doi={10.1109/TKDE.2012.99}, 
  ISSN={1041-4347},
}

@article{ahmed2016survey,
  title={A survey of network anomaly detection techniques},
  author={Ahmed, Mohiuddin and Mahmood, Abdun Naser and Hu, Jiankun},
  journal={Journal of Network and Computer Applications},
  volume={60},
  pages={19--31},
  year={2016},
  publisher={Elsevier}
}

@article{bhuyan2014network,
  title={Network anomaly detection: methods, systems and tools},
  author={Bhuyan, Monowar H and Bhattacharyya, Dhruba Kumar and Kalita, Jugal K},
  journal={IEEE Communications Surveys \& Tutorials},
  volume={16},
  number={1},
  pages={303--336},
  year={2014},
  publisher={IEEE}
}

@article{galibus2017offline,
  title={Offline mode for corporate mobile client security architecture},
  author={Galibus, Tatiana and Vieira, Thiago P de B and de Freitas, Edison P and Albuquerque, Robson de O and de Sousa J{\'u}nior, Rafael T and Krasnoproshin, Viktor and Zaleski, Anton and Vissia, HERM and del Galdo, Giovanni and others},
  journal={Mobile Networks and Applications},
  volume={22},
  number={4},
  pages={743--759},
  year={2017},
  publisher={Springer}
}










@article{rousseeuw1999fast,
  title={A fast algorithm for the minimum covariance determinant estimator},
  author={Rousseeuw, Peter J and Driessen, Katrien Van},
  journal={Technometrics},
  volume={41},
  number={3},
  pages={212--223},
  year={1999},
  publisher={Taylor \& Francis Group}
}

@article{rousseeuw1984least,
  title={Least median of squares regression},
  author={Rousseeuw, Peter J},
  journal={Journal of the American statistical association},
  volume={79},
  number={388},
  pages={871--880},
  year={1984},
  publisher={Taylor \& Francis}
}

@article{mahalanobis1936generalized,
  added-at = {2013-09-11T20:35:50.000+0200},
  author = {Mahalanobis, Prasanta Chandra},
  biburl = {https://www.bibsonomy.org/bibtex/2aef303a4aba53e4fcd7b0e58f7c205b6/thoni},
  interhash = {23e3d7fb895ac218d0c5cc52bd7af4d3},
  intrahash = {aef303a4aba53e4fcd7b0e58f7c205b6},
  journal = {Proceedings of the National Institute of Sciences (Calcutta)},
  keywords = {distance generalized mahalanobis},
  pages = {49--55},
  timestamp = {2016-09-06T08:23:07.000+0200},
  title = {On the generalized distance in statistics},
  volume = 2,
  year = 1936
}

@article{pena2010eigenvectors,
  title={Eigenvectors of a kurtosis matrix as interesting directions to reveal cluster structure},
  author={Pe{\~n}a, Daniel and Prieto, Francisco J and Viladomat, J{\'u}lia},
  journal={Journal of Multivariate Analysis},
  volume={101},
  number={9},
  pages={1995--2007},
  year={2010},
  publisher={Elsevier}
}

@article{he2008learning,
  title={Learning from imbalanced data},
  author={He, Haibo and Garcia, Edwardo A},
  journal={IEEE Transactions on Knowledge \& Data Engineering},
  number={9},
  pages={1263--1284},
  year={2008},
  publisher={Ieee}
}

@article{Phua2004minority,
  author = {Phua, Clifton and Alahakoon, Damminda and Lee, Vincent},
  title = {Minority Report in Fraud Detection: Classification of Skewed Data},
  journal = {SIGKDD Explor. Newsl.},
  issue_date = {June 2004},
  volume = {6},
  number = {1},
  month = jun,
  year = {2004},
  issn = {1931-0145},
  pages = {50--59},
  numpages = {10},
  url = {http://doi.acm.org/10.1145/1007730.1007738},
  doi = {10.1145/1007730.1007738},
  acmid = {1007738},
  publisher = {ACM},
  address = {New York, NY, USA},
  keywords = {fraud detection, meta-learning, multiple classifier systems},
}

@article{hubert2008outlier,
  title={Outlier detection for skewed data},
  author={Hubert, Mia and Van der Veeken, Stephan},
  journal={Journal of Chemometrics: A Journal of the Chemometrics Society},
  volume={22},
  number={3-4},
  pages={235--246},
  year={2008},
  publisher={Wiley Online Library}
}

@article{gu2008botminer,
  title={Botminer: Clustering analysis of network traffic for protocol-and structure-independent botnet detection},
  author={Gu, Guofei and Perdisci, Roberto and Zhang, Junjie and Lee, Wenke},
  year={2008}
}

@article{garcia2014empirical,
  title={An empirical comparison of botnet detection methods},
  author={Garcia, Sebastian and Grill, Martin and Stiborek, Jan and Zunino, Alejandro},
  journal={computers \& security},
  volume={45},
  pages={100--123},
  year={2014},
  publisher={Elsevier}
}

@article{wang2017botnet,
  title={Botnet detection based on anomaly and community detection},
  author={Wang, Jing and Paschalidis, Ioannis Ch},
  journal={IEEE Transactions on Control of Network Systems},
  volume={4},
  number={2},
  pages={392--404},
  year={2017},
  publisher={IEEE}
}

@inproceedings{da2018online,
  title={Online detection of Botnets on Network Flows using Stream Mining},
  author={da Costa, Victor G Turrisi and Zarpelao, Bruno Bogaz and Miani, Rodrigo Sanches and Junior, Sylvio Barbon},
  booktitle={Anais do XXXVI Simp{\'o}sio Brasileiro de Redes de Computadores e Sistemas Distribu{\'\i}dos},
  year={2018},
  organization={SBC}
}

@article{moustafa2019holistic,
  title={A holistic review of Network Anomaly Detection Systems: A comprehensive survey},
  author={Moustafa, Nour and Hu, Jiankun and Slay, Jill},
  journal={Journal of Network and Computer Applications},
  volume={128},
  pages={33--55},
  year={2019},
  publisher={Elsevier}
}

@article{khattak2015botflex,
  title={BotFlex: A community-driven tool for botnet detection},
  author={Khattak, Sheharbano and Ahmed, Zaafar and Syed, Affan A and Khayam, Syed Ali},
  journal={Journal of Network and Computer Applications},
  volume={58},
  pages={144--154},
  year={2015},
  publisher={Elsevier}
}

@article{acarali2016survey,
  title={Survey of approaches and features for the identification of HTTP-based botnet traffic},
  author={Acarali, Dilara and Rajarajan, Muttukrishnan and Komninos, Nikos and Herwono, Ian},
  journal={Journal of Network and Computer Applications},
  volume={76},
  pages={1--15},
  year={2016},
  publisher={Elsevier}
}

@article{osanaiye2016distributed,
  title={Distributed denial of service (DDoS) resilience in cloud: review and conceptual cloud DDoS mitigation framework},
  author={Osanaiye, Opeyemi and Choo, Kim-Kwang Raymond and Dlodlo, Mqhele},
  journal={Journal of Network and Computer Applications},
  volume={67},
  pages={147--165},
  year={2016},
  publisher={Elsevier}
}

@article{chandrashekar2014survey,
  title={A survey on feature selection methods},
  author={Chandrashekar, Girish and Sahin, Ferat},
  journal={Computers \& Electrical Engineering},
  volume={40},
  number={1},
  pages={16--28},
  year={2014},
  publisher={Elsevier}
}

@inproceedings{goldberg2015importance,
  title={The importance of features for statistical anomaly detection},
  author={Goldberg, David and Shan, Yinan},
  booktitle={7th $\{$USENIX$\}$ Workshop on Hot Topics in Cloud Computing (HotCloud 15)},
  year={2015}
}

@inproceedings{lakhina2005mining,
  title={Mining anomalies using traffic feature distributions},
  author={Lakhina, Anukool and Crovella, Mark and Diot, Christophe},
  booktitle={ACM SIGCOMM computer communication review},
  volume={35},
  number={4},
  pages={217--228},
  year={2005},
  organization={ACM}
}

@article{vieira2017model,
  title={Model order selection and eigen similarity based framework for detection and identification of network attacks},
  author={Vieira, Thiago PB and Ten{\'o}rio, Danilo F and da Costa, Jo{\~a}o Paulo CL and de Freitas, Edison P and Del Galdo, Giovanni and de Sousa J{\'u}nior, Rafael T},
  journal={Journal of Network and Computer Applications},
  volume={90},
  pages={26--41},
  year={2017},
  publisher={Elsevier}
}

@article{powers2011evaluation,
  title={Evaluation: from precision, recall and F-measure to ROC, informedness, markedness and correlation},
  author={Powers, David Martin},
  year={2011},
  publisher={Bioinfo Publications}
}

@inproceedings{gu2007bothunter,
  title={Bothunter: Detecting malware infection through ids-driven dialog correlation.},
  author={Gu, Guofei and Porras, Phillip A and Yegneswaran, Vinod and Fong, Martin W and Lee, Wenke},
  booktitle={USENIX Security Symposium},
  volume={7},
  pages={1--16},
  year={2007}
}

@inproceedings{benson2010network,
  title={Network traffic characteristics of data centers in the wild},
  author={Benson, Theophilus and Akella, Aditya and Maltz, David A},
  booktitle={Proceedings of the 10th ACM SIGCOMM conference on Internet measurement},
  pages={267--280},
  year={2010},
  organization={ACM}
}

@article{gaddam2007k,
  title={K-Means+ ID3: A novel method for supervised anomaly detection by cascading K-Means clustering and ID3 decision tree learning methods},
  author={Gaddam, Shekhar R and Phoha, Vir V and Balagani, Kiran S},
  journal={IEEE transactions on knowledge and data engineering},
  volume={19},
  number={3},
  pages={345--354},
  year={2007},
  publisher={IEEE Educational Activities Department}
}
